<record><leader>00000cas a2200000 a 4500</leader><controlfield tag="001">11831864</controlfield><controlfield tag="008">850321d19611964ksuwr ne      0   a0eng d</controlfield><datafield ind1=" " ind2=" " tag="010"><subfield code="a">sn 85029112 </subfield></datafield><datafield ind1=" " ind2=" " tag="040"><subfield code="a">KSH</subfield><subfield code="b">eng</subfield><subfield code="c">KSH</subfield><subfield code="d">NPT</subfield><subfield code="d">OCL</subfield><subfield code="d">OCLCQ</subfield></datafield><datafield ind1=" " ind2=" " tag="042"><subfield code="a">msc</subfield></datafield><datafield ind1="0" ind2="4" tag="245"><subfield code="a">The Jefferson County mirror-times.</subfield></datafield><datafield ind1=" " ind2=" " tag="260"><subfield code="a">Perry, Kan. :</subfield><subfield code="b">Newspaper Management Inc. :</subfield><subfield code="b">M. Charles Sledd,</subfield><subfield code="c">1961-1964.</subfield></datafield><datafield ind1=" " ind2=" " tag="300"><subfield code="a">3 v. :</subfield><subfield code="b">ill. ;</subfield><subfield code="c">44-57 cm.</subfield></datafield><datafield ind1=" " ind2=" " tag="310"><subfield code="a">Weekly</subfield></datafield><datafield ind1="0" ind2=" " tag="362"><subfield code="a">Vol. 63, no. 19 (Nov. 9, 1961)-v. 66, no. 15 (Oct. 8, 1964).</subfield></datafield><datafield ind1=" " ind2=" " tag="500"><subfield code="a">Publisher varies.</subfield></datafield><datafield ind1=" " ind2=" " tag="752"><subfield code="a">United States</subfield><subfield code="b">Kansas</subfield><subfield code="c">Jefferson</subfield><subfield code="d">Perry.</subfield></datafield><datafield ind1="0" ind2="0" tag="780"><subfield code="t">Perry mirror (Perry, Kan. : 1959)</subfield><subfield code="w">(DLC)sn 85029113</subfield></datafield><datafield ind1="0" ind2="7" tag="785"><subfield code="t">Lawrence outlook</subfield><subfield code="w">(DLC)sn 84029600</subfield></datafield><datafield ind1="0" ind2="7" tag="785"><subfield code="t">Lawrence outlook and the Jefferson County mirror-times</subfield><subfield code="w">(DLC)sn 84029574</subfield></datafield></record>